@String{pub-AW = "Ad{\-d}i{\-s}on-Wes{\-l}ey"}
@String{pub-AW:adr = "Reading, MA, USA"}

1.
@article{surveyOnSensors,
  title={A survey on human activity recognition using wearable sensors},
  author={Lara, Oscar D and Labrador, Miguel A},
  journal={Communications Surveys \& Tutorials, IEEE},
  volume={15},
  number={3},
  pages={1192--1209},
  year={2013},
  publisher={IEEE}
}
2.
@article{surveyOnVision,
  title={A survey on vision-based human action recognition},
  author={Poppe, Ronald},
  journal={Image and vision computing},
  volume={28},
  number={6},
  pages={976--990},
  year={2010},
  publisher={Elsevier}
}
3.
@article{sensorBased,
  title={Sensor-based activity recognition},
  author={Chen, Liming and Hoey, Jesse and Nugent, Chris D and Cook, Diane J and Yu, Zhiwen},
  journal={Systems, man, and cybernetics, Part C: Applications and reviews, IEEE Transactions on},
  volume={42},
  number={6},
  pages={790--808},
  year={2012},
  publisher={IEEE}
}
4.
@article{smartphoneSensor,
  title={Activity recognition with smartphone sensors},
  author={Su, Xing and Tong, Hanghang and Ji, Ping},
  journal={Tsinghua Science and Technology},
  volume={19},
  number={3},
  pages={235--249},
  year={2014},
  publisher={TUP}
}
5.
@inproceedings{oneSensorbased,
  title={USC-HAD: a daily activity dataset for ubiquitous activity recognition using wearable sensors},
  author={Zhang, Mi and Sawchuk, Alexander A},
  booktitle={Proceedings of the 2012 ACM Conference on Ubiquitous Computing},
  pages={1036--1043},
  year={2012},
  organization={ACM}
}
6.
@article{reviewOnSensorbased,
  title={A review of accelerometry-based wearable motion detectors for physical activity monitoring},
  author={Yang, Che-Chang and Hsu, Yeh-Liang},
  journal={Sensors},
  volume={10},
  number={8},
  pages={7772--7788},
  year={2010},
  publisher={Molecular Diversity Preservation International}
}

7.
@article{surveyOnSensorBased,
  title={The use of pervasive sensing for behaviour profiling—a survey},
  author={Atallah, Louis and Yang, Guang-Zhong},
  journal={Pervasive and Mobile Computing},
  volume={5},
  number={5},
  pages={447--464},
  year={2009},
  publisher={Elsevier}
}
8.
@article{surveyOnMobileSensing,
  title={A survey of mobile phone sensing},
  author={Lane, Nicholas D and Miluzzo, Emiliano and Lu, Hong and Peebles, Daniel and Choudhury, Tanzeem and Campbell, Andrew T},
  journal={Communications Magazine, IEEE},
  volume={48},
  number={9},
  pages={140--150},
  year={2010},
  publisher={IEEE}
}
@Article{knuth84,
  author =       "Donald E. Knuth",
  title =        "Literate Programming",
  journal =      "The Computer Journal",
  year =         "1984",
  number =       "2",
  volume =       "27",
  pages =        "97--111",
  month =        may,
}

@Book{knuth86a,
  author =       "Donald E. Knuth",
  title =        "The {\TeX}book",
  volume =       "A",
  publisher =    pub-AW,
  address =      pub-AW:adr,
  year =         "1986",
  ISBN =         "0-201-13447-0",
  ISBN-13 =      "978-0-201-13447-6",
  LCCN =         "Z253.4.T47 K58 1986",
  price =        "US\$32.95",
  series =       "Computers and Typesetting",
}

@Book{lamport94,
  author =       "Leslie Lamport",
  title =        "{\LaTeX}: a Document Preparation System: User's Guide
                 and Reference Manual",
  publisher =    pub-AW,
  address =      pub-AW:adr,
  edition =      "Second",
  year =         "1994",
  ISBN =         "0-201-52983-1",
  ISBN-13 =      "978-0-201-52983-8",
  LCCN =         "Z253.4.L38L35 1994",
  note =         "Reprinted with corrections in 1996.",
}

@Book{mittelbach04,
  author =       "Frank Mittelbach and Michel Goossens and Johannes
                 Braams and David Carlisle and Chris Rowley and
                 Christine Detig and Joachim Schrod",
  title =        "The {\LaTeX} Companion",
  publisher =    pub-AW,
  address =      pub-AW:adr,
  edition =      "Second",
  year =         "2004",
  ISBN =         "0-201-36299-6",
  ISBN-13 =      "978-0-201-36299-2",
  LCCN =         "Z253.4.L38 G66 2004",
  price =        "US\$59.99, CAN\$86.99",
  series =       "Tools and Techniques for Computer Typesetting",
  remark =       "Authors listed as: Frank Mittelbach and Michel
                 Goossens with Johannes Braams, David Carlisle, and
                 Chris Rowley, and with contributions by Christine Detig
                 and Joachim Schrod.",
}

@Book{刘海洋2013,
  title =        "{\LaTeX}入门",
  author =       "刘海洋",
  publisher =    "电子工业出版社",
  address =      "北京",
  year =         "2013",
  language =     "zh",
}
